<record><leader>00000cas a2200000 a 4500</leader><controlfield tag="001">11106105</controlfield><controlfield tag="008">840830d19041979ksuwr ne      0   a0eng d</controlfield><datafield ind1=" " ind2=" " tag="010"><subfield code="a">sn 84029431 </subfield></datafield><datafield ind1=" " ind2=" " tag="040"><subfield code="a">KSH</subfield><subfield code="b">eng</subfield><subfield code="c">KSH</subfield><subfield code="d">NPT</subfield><subfield code="d">OCL</subfield><subfield code="d">OCLCQ</subfield></datafield><datafield ind1=" " ind2=" " tag="042"><subfield code="a">msc</subfield></datafield><datafield ind1="0" ind2=" " tag="130"><subfield code="a">Hope dispatch (Hope, Kan. : 1904)</subfield></datafield><datafield ind1="1" ind2="4" tag="245"><subfield code="a">The Hope dispatch.</subfield></datafield><datafield ind1=" " ind2=" " tag="260"><subfield code="a">Hope, Kan. :</subfield><subfield code="b">M.C. Hemenway,</subfield><subfield code="c">1904-1979.</subfield></datafield><datafield ind1=" " ind2=" " tag="300"><subfield code="a">77 v. :</subfield><subfield code="b">ill. ;</subfield><subfield code="c">43-58 cm.</subfield></datafield><datafield ind1=" " ind2=" " tag="310"><subfield code="a">Weekly</subfield></datafield><datafield ind1="0" ind2=" " tag="362"><subfield code="a">Vol. 19, no. 17 (June 9, 1904)-v. 96, no. 23 (Dec. 26, 1979).</subfield></datafield><datafield ind1=" " ind2=" " tag="500"><subfield code="a">Publisher varies.</subfield></datafield><datafield ind1=" " ind2=" " tag="500"><subfield code="a">Issues for July 24-Oct. 2, 1958 have section called: "Gypsum Department."</subfield></datafield><datafield ind1=" " ind2=" " tag="580"><subfield code="a">Issued with: Gypsum advocate, May 29-July 17, 1958.</subfield></datafield><datafield ind1=" " ind2=" " tag="752"><subfield code="a">United States</subfield><subfield code="b">Kansas</subfield><subfield code="c">Dickinson</subfield><subfield code="d">Hope.</subfield></datafield><datafield ind1="1" ind2=" " tag="777"><subfield code="t">Gypsum advocate</subfield><subfield code="w">(DLC)sn 85030798</subfield></datafield><datafield ind1="0" ind2="0" tag="780"><subfield code="t">Dispatch (Hope, Kan. : 1897)</subfield><subfield code="w">(DLC)sn 84029445</subfield></datafield><datafield ind1="0" ind2="4" tag="785"><subfield code="t">Herington times (Herington, Kan.)</subfield><subfield code="w">(DLC)sn 84029465</subfield></datafield></record>